@INPROCEEDINGS{dummy2013least,
  author = {Dummy, Jack and Foo, John},
  title = {The least important paper ever written},
  booktitle = {Proceedings of IRR-10, 24th International Conference on Irrelevance.},
  year = {2013},
  pages = {45--50},
  location = {Undefined Place, Unknown Country},
  month = {November}
}
